<record><leader>00000cas a2200000 a 4500</leader><controlfield tag="001">11956415</controlfield><controlfield tag="008">850424d19501960ksuwr ne      0    0eng d</controlfield><datafield ind1=" " ind2=" " tag="010"><subfield code="a">sn 85029975 </subfield></datafield><datafield ind1=" " ind2=" " tag="040"><subfield code="a">KSH</subfield><subfield code="b">eng</subfield><subfield code="c">KSH</subfield><subfield code="d">NPT</subfield><subfield code="d">OCL</subfield><subfield code="d">OCLCQ</subfield></datafield><datafield ind1=" " ind2=" " tag="042"><subfield code="a">msc</subfield></datafield><datafield ind1="0" ind2=" " tag="130"><subfield code="a">Prairie scout (Prairie Village, Kan.)</subfield></datafield><datafield ind1="1" ind2="4" tag="245"><subfield code="a">The Prairie scout.</subfield></datafield><datafield ind1="1" ind2="3" tag="246"><subfield code="a">Scout</subfield><subfield code="f">Nov. 1-Dec. 30, 1960</subfield></datafield><datafield ind1=" " ind2=" " tag="260"><subfield code="a">Prairie Village, Kan. :</subfield><subfield code="b">[s.n.],</subfield><subfield code="c">-1960.</subfield></datafield><datafield ind1=" " ind2=" " tag="300"><subfield code="a">v. :</subfield><subfield code="b">ill. ;</subfield><subfield code="c">45 cm.</subfield></datafield><datafield ind1=" " ind2=" " tag="310"><subfield code="a">Weekly,</subfield><subfield code="b">Apr. 7, 1953-Dec. 30, 1960</subfield></datafield><datafield ind1=" " ind2=" " tag="321"><subfield code="a">Semimonthly,</subfield><subfield code="b">&lt;Jan. 2, 1951&gt;-Mar. 24, 1953</subfield></datafield><datafield ind1="0" ind2=" " tag="362"><subfield code="a">-v. 10, no. 52 (Dec. 30, 1960).</subfield></datafield><datafield ind1="1" ind2=" " tag="362"><subfield code="a">Began in 1950?</subfield></datafield><datafield ind1=" " ind2=" " tag="500"><subfield code="a">"Sponsored by the Merchants Association of Prairie Village."</subfield></datafield><datafield ind1=" " ind2=" " tag="500"><subfield code="a">"For the residents of Northeast Johnson County."</subfield></datafield><datafield ind1=" " ind2=" " tag="588"><subfield code="a">Description based on: Vol. 1, no. 3 (Jan. 2, 1951).</subfield></datafield><datafield ind1=" " ind2=" " tag="752"><subfield code="a">United States</subfield><subfield code="b">Kansas</subfield><subfield code="c">Johnson</subfield><subfield code="d">Prairie Village.</subfield></datafield><datafield ind1="0" ind2="0" tag="785"><subfield code="t">Northeast Johnson County scout</subfield><subfield code="w">(DLC)sn 85029980</subfield></datafield><datafield ind1="1" ind2=" " tag="029"><subfield code="a">AU@</subfield><subfield code="b">000020378333</subfield></datafield></record>